<?xml version="1.0" encoding="UTF-8"?><record xmlns="http://www.loc.gov/MARC21/slim" xmlns:cinclude="http://apache.org/cocoon/include/1.0" xmlns:zs="http://www.loc.gov/zing/srw/">
  <leader>01250cz  a2200205n  4500</leader>
  <controlfield tag="001">n 2002037754</controlfield>
  <controlfield tag="003">DLC</controlfield>
  <controlfield tag="005">20130320081725.0</controlfield>
  <controlfield tag="008">020612n| azannaabn          |a aaa      </controlfield>
  <datafield tag="010" ind1=" " ind2=" ">
    <subfield code="a">n 2002037754</subfield>
  </datafield>
  <datafield tag="040" ind1=" " ind2=" ">
    <subfield code="a">DLC</subfield>
    <subfield code="b">eng</subfield>
    <subfield code="e">rda</subfield>
    <subfield code="c">DLC</subfield>
    <subfield code="d">DLC</subfield>
  </datafield>
  <datafield tag="100" ind1="1" ind2=" ">
    <subfield code="a">Pérez, Antonio,</subfield>
    <subfield code="d">-1611.</subfield>
    <subfield code="t">Obras y relaciones</subfield>
  </datafield>
  <datafield tag="400" ind1="1" ind2=" ">
    <subfield code="a">Pérez, Antonio,</subfield>
    <subfield code="d">-1611.</subfield>
    <subfield code="t">Obras de Antonio Pérez</subfield>
  </datafield>
  <datafield tag="400" ind1="1" ind2=" ">
    <subfield code="a">Pérez, Antonio,</subfield>
    <subfield code="d">-1611.</subfield>
    <subfield code="t">Obras y relaciones de Ant. Pérez</subfield>
  </datafield>
  <datafield tag="400" ind1="1" ind2=" ">
    <subfield code="a">Pérez, Antonio,</subfield>
    <subfield code="d">-1611.</subfield>
    <subfield code="t">Obras y relaciones de Anton Pérez</subfield>
  </datafield>
  <datafield tag="400" ind1="1" ind2=" ">
    <subfield code="a">Pérez, Antonio,</subfield>
    <subfield code="d">-1611.</subfield>
    <subfield code="t">Obras y relaciones de Antonio Pérez</subfield>
  </datafield>
  <datafield tag="400" ind1="1" ind2=" ">
    <subfield code="w">nnea</subfield>
    <subfield code="a">Pérez, Antonio,</subfield>
    <subfield code="d">d. 1611.</subfield>
    <subfield code="t">Obras y relaciones</subfield>
  </datafield>
  <datafield tag="670" ind1=" " ind2=" ">
    <subfield code="a">Pérez, Antonio. Las obras y relaciones de Antonio Pérez, 1999?:</subfield>
    <subfield code="b">v. 1, t.p (Las obras y relaciones de Antonio Pérez) v. 1, p. 103, etc. (1624 ed. had title: Las obras de Antonio Pérez) v. 2, t.p. (Las obras y relaciones de Ant. Pérez)</subfield>
  </datafield>
  <datafield tag="670" ind1=" " ind2=" ">
    <subfield code="a">Palau y Dulcet. Manual del librero hisp.-amer., 1927:</subfield>
    <subfield code="b">v. 6, p. 73 (1631 ed. Las obras y relaciones de Ant. Pérez; 1644 ed. Las obras y relaciones, repub. several times)</subfield>
  </datafield>
  <datafield tag="670" ind1=" " ind2=" ">
    <subfield code="a">LC database, June 12, 2002:</subfield>
    <subfield code="b">1654 ed. (Las obras y relaciones de Anton Perez) 1676 ed. (Las obras y relaciones de Antonio Perez)</subfield>
  </datafield>
</record>